@misc{unknown-author-no-dateA,
  title = {{Corporate Info}},
  url = {https://www.lg.com/global/corporate-info/},
}
@misc{unknown-author-no-dateB,
  title = {{LG  Smart TV With IPS Panel | LG UAE}},
  url = {https://www.lg.com/ae/tvs-soundbars/lg-50LB5800},
}
@misc{jolahde-2018,
  author = {jolahde},
  month = {2},
  title = {{Testing FEM Workbench of FreeCAD – Jolahde}},
  year = {2018},
  url = {https://jolahde.kapsi.fi/2018/02/17/testing-fem-workbench-of-freecad/},
}
@misc{lg-2020,
  author = {LG},
  month = {5},
  title = {{LG to Further Diversify TV Production for a More
  Efficient, Global Footprint}},
  year = {2020},
  url =
  {https://www.lgnewsroom.com/2020/05/lg-to-further-diversify-tv-production-for-a-more-efficient-global-footprint/},
}
@misc{lg-chem-no-dateA,
  author = {LG Chem},
  title = {{About Us | Company Information | Company | LG Chem}},
  url = {https://www.lgchem.com/company/company-information/about},
}
@misc{unknown-author-no-dateC,
  title = {{Where to Buy | LG Global}},
  url = {https://www.lg.com/global/business/compressor-motor/where-to-buy},
}
@misc{lg-display-no-date,
  author = {LG Display},
  title = {{Global Network}},
  url = {https://www.lgdisplay.com/eng/company/info/place},
}
@article{kaplan-2016,
  author = {Kaplan, Jeremy},
  month = {12},
  title = {{LG&#8217;S Korean Headquarters Is a Real-life Wonka
  Factory, and We Got the Golden Ticket}},
  year = {2016},
  url =
  {https://www.digitaltrends.com/home-theater/exclusive-tour-of-lgs-manufacturing-and-assembly-lines/},
}
@misc{allen-2016,
  author = {Allen, Tom},
  month = {7},
  title = {{LG Moves Polish Production}},
  year = {2016},
  url = {https://displaydaily.com/lg-moves-polish-production/},
}
@misc{evertiq-ab-2016,
  author = {Evertiq AB},
  month = {7},
  title = {{LG Merges Polish Production}},
  year = {2016},
  url = {https://evertiq.com/news/39683},
}
@misc{shah-2024,
  author = {Shah, Anaya},
  month = {10},
  title = {{Where Are Lg Tvs Made? 8 Countries in 2024}},
  year = {2024},
  url = {https://brandcritica.com/where-are-lg-tvs-made/},
}
@misc{lg-electronics-no-date,
  author = {LG Electronics},
  title = {{Conflict Minerals | Business Partner | Sustainability | LG Global}},
  url = {https://www.lg.com/global/conflict-minerals-business-partner},
}
@misc{hower-2013,
  author = {Hower, Mike},
  month = {8},
  title = {{LG Electronics, Nokia Tackle Illegal Tin Mining in Indonesia}},
  year = {2013},
  url =
  {https://sustainablebrands.com/read/lg-electronics-nokia-tackle-illegal-tin-mining-in-indonesia},
}
@techreport{lg-electronics-2023,
  author = {LG Electronics},
  month = {5},
  title = {{LG Electronics Conflict Minerals Due Diligence Report}},
  year = {2023},
  url =
  {https://www.lg.com/content/dam/lge/global/sustainability/pdf/LG-Electronics-Conflict-Minerals-Due-Diligence-Report-2022(2023).pdf},
}
@misc{fenix-metals-no-date,
  author = {Fenix Metals},
  title = {{About Us}},
  url = {https://fenixmetals.com/about-us/},
}
@misc{kghm-polska-miedz-no-date,
  author = {KGHM Polska Miedź},
  title = {{Lubin}},
  url = {https://kghm.com/en/our-business/mining-and-enrichment/lubin},
}
@misc{lg-chem-no-dateB,
  author = {LG Chem},
  title = {{LG 화학}},
  url = {https://www.lgchem.com/company/global-network},
}
@misc{brigham-2023,
  author = {Brigham, Katie},
  month = {2},
  title = {{How Conflict Minerals Make It Into Our Phones}},
  year = {2023},
  url =
  {https://www.cnbc.com/2023/02/15/how-conflict-minerals-make-it-into-our-phones.html},
}
@misc{tv-parts-canada-2024,
  author = {TV Parts Canada},
  month = {12},
  title = {{EBT62999602 LG Main Board for 50LB5800-UG}},
  year = {2024},
  url = {https://tvpartscanada.ca/ebt62999602-lg-main-board-for-50lb5800-ug/},
}
@misc{jenell-2023,
  author = {Jenell},
  month = {8},
  title = {{Application, Pros and Cons of Immersion Tin Process in
  Electronics Manufacturing}},
  year = {2023},
  url =
  {https://www.puxipcb.com/blog/application-pros-and-cons-of-immersion-tin/},
}
@misc{elmore-2024,
  author = {Elmore, John},
  month = {7},
  title = {{How Much Gold Is in a 50 Inch Flat Screen: Uncovering the
  Precious Metal Content}},
  year = {2024},
  url = {https://thetechylife.com/how-much-gold-is-in-a-50-inch-flat-screen/},
}
